@article{Hudson1984,
    title = {{Quantum It$\Bar{o}$ Formula and Stochastic Evolutions}},
    year = {1984},
    journal = {Commun. Math. Phys.},
    author = {R. L. Hudson and K. R. Parthasarathy},
    volume = {93},
    pages = {301-323},
    DOI = https://doi.org/10.1007/BF01258530
}

@article{Combes_2017,
   title={The SLH framework for modeling quantum input-output networks},
   volume={2},
   ISSN={2374-6149},
   url={http://dx.doi.org/10.1080/23746149.2017.1343097},
   DOI={10.1080/23746149.2017.1343097},
   number={3},
   journal={Advances in Physics: X},
   publisher={Informa UK Limited},
   author={Combes, Joshua and Kerckhoff, Joseph and Sarovar, Mohan},
   year={2017},
   month={May},
   pages={784–888}
}
@article{Gough_2008,
   title={Quantum Feedback Networks: Hamiltonian Formulation},
   volume={287},
   ISSN={1432-0916},
   url={http://dx.doi.org/10.1007/s00220-008-0698-8},
   DOI={10.1007/s00220-008-0698-8},
   number={3},
   journal={Communications in Mathematical Physics},
   publisher={Springer Science and Business Media LLC},
   author={Gough, J. and James, M. R.},
   year={2008},
   month={Dec},
   pages={1109–1132}
}
@article{Fagnola_2019,
   title={Mathematical models of Markovian dephasing},
   volume={52},
   ISSN={1751-8121},
   url={http://dx.doi.org/10.1088/1751-8121/ab38ec},
   DOI={10.1088/1751-8121/ab38ec},
   number={38},
   journal={Journal of Physics A: Mathematical and Theoretical},
   publisher={IOP Publishing},
   author={Fagnola, Franco and Gough, John E and Nurdin, Hendra I and Viola, Lorenza},
   year={2019},
   month={Aug},
   pages={385301}
}
@phdthesis{Kockum_2012,
   title={Measurement Back-ACtion and Photon Detection in Microwave Quantum Optics},
   school = {Chalmers University of Technology},
   author={Anton Frisk Kockum},
   year={2012}
}
@article{Nurdin_2010,
   title={Synthesis of Linear Quantum Stochastic Systems via Quantum Feedback Networks},
   volume={55},
   ISSN={1558-2523},
   url={http://dx.doi.org/10.1109/TAC.2010.2041685},
   DOI={10.1109/tac.2010.2041685},
   number={4},
   journal={IEEE Transactions on Automatic Control},
   publisher={Institute of Electrical and Electronics Engineers (IEEE)},
   author={Nurdin, H.I.},
   year={2010},
   month={Apr},
   pages={1008–1013}
}
@book{Gardiner_2004,
    title = {Quantum Noise},
    author = {Crispin Gardiner and Peter Zoller},
    issn = {0172-7389},
    series = {International series of monographs on physics},
    year = {2004},
    publisher = {Springer-Verlag Berlin Heidelberg},
    edition = {3}
}